@Article{valtr1995probability,
  author    = {Valtr, Pavel},
  title     = {Probability that n random points are in convex position},
  journal   = {Discrete \& Computational Geometry},
  year      = {1995},
  volume    = {13},
  number    = {3-4},
  pages     = {637--643},
  file      = {:literature/Valtr1995_Article_ProbabilityThatNRaNdomPoiNtsAr.pdf:PDF},
  publisher = {Springer},
}
@Article{yousefzadeh2022extent,
  author  = {Yousefzadeh, Roozbeh and Cao, Xuenan},
  journal = {arXiv preprint arXiv:2201.11260},
  title   = {To what extent should we trust AI models when they extrapolate?},
  year    = {2022},
  file    = {:literature/2201.11260.pdf:PDF},
}
@misc{crofton,
    title={https://math.osu.edu/sites/math.osu.edu/files/What%20is%202017%20Croftons%20Formula.pdf}
}

@misc{Napier,
  title = {{Napier's rules}},
  howpublished = "\url{https://en.wikipedia.org/wiki/Spherical_trigonometry#Napier's_rules_for_right_spherical_triangles}",
}

@misc{orthogonal,
  title = {{Orthogonal}},
  howpublished = "\url{https://math.stackexchange.com/questions/3101047/surface-area-of-a-sphere-sliced-by-two-orthogonal-planes}",
}

@misc{intersection,
  title = {{Intersection of two spherical caps}},
  howpublished = "\url{https://math.stackexchange.com/questions/45788/calculate-the-area-on-a-sphere-of-the-intersection-of-two-spherical-caps}",
}

@misc{inverseErf,
    title={https://mathworld.wolfram.com/InverseErf.html}
}

@Article{ruben1954moments,
  author    = {Ruben, Harold},
  title     = {On the moments of order statistics in samples from normal populations},
  journal   = {Biometrika},
  year      = {1954},
  volume    = {41},
  number    = {1-2},
  pages     = {200--227},
  file      = {:literature/2333017.pdf:PDF},
  publisher = {Oxford University Press},
}

@Article{efron1965convex,
  author    = {Efron, Bradley},
  title     = {The convex hull of a random set of points},
  journal   = {Biometrika},
  year      = {1965},
  volume    = {52},
  number    = {3-4},
  pages     = {331--343},
  file      = {:literature/2333687.pdf:PDF},
  publisher = {Oxford University Press},
}

@Article{kabluchko2020absorption,
  author    = {Kabluchko, Zakhar and Zaporozhets, Dmitry},
  title     = {Absorption probabilities for Gaussian polytopes and regular spherical simplices},
  journal   = {Advances in Applied Probability},
  year      = {2020},
  volume    = {52},
  number    = {2},
  pages     = {588--616},
  file      = {:literature/1704.04968.pdf:PDF},
  publisher = {Cambridge University Press},
}

@Article{henze1983random,
  author    = {Henze, Norbert},
  title     = {Random triangles in convex regions},
  journal   = {Journal of Applied Probability},
  year      = {1983},
  volume    = {20},
  number    = {1},
  pages     = {111--125},
  file      = {:literature/henze1983.pdf:PDF},
  publisher = {Cambridge University Press},
}

@Article{balestriero2021learning,
  author  = {Balestriero, Randall and Pesenti, Jerome and LeCun, Yann},
  title   = {Learning in high dimension always amounts to extrapolation},
  journal = {arXiv preprint arXiv:2110.09485},
  year    = {2021},
  file    = {:literature/2110.09485.pdf:PDF},
}

@Article{barany2008random,
  author  = {B{\'a}r{\'a}ny, Imre},
  title   = {Random points and lattice points in convex bodies},
  journal = {Bulletin of the American Mathematical Society},
  year    = {2008},
  volume  = {45},
  number  = {3},
  pages   = {339--365},
  file    = {:literature/S0273-0979-08-01210-X.pdf:PDF},
}

@Article{har2011expected,
  author  = {Har-Peled, Sariel},
  title   = {On the expected complexity of random convex hulls},
  journal = {arXiv preprint arXiv:1111.5340},
  year    = {2011},
  file    = {:literature/1111.5340.pdf:PDF},
}

@Article{renyi1963konvexe,
  author    = {R{\'e}nyi, Alfr{\'e}d and Sulanke, Rolf},
  title     = {{\"U}ber die konvexe H{\"u}lle von n zuf{\"a}llig gew{\"a}hlten Punkten},
  journal   = {Zeitschrift f{\"u}r Wahrscheinlichkeitstheorie und verwandte Gebiete},
  year      = {1963},
  volume    = {2},
  number    = {1},
  pages     = {75--84},
  file      = {:literature/Rényi-Sulanke1963_Article_ÜberDieKoNvexeHülleVoNNZufälli.pdf:PDF},
  publisher = {Springer},
}

@Article{raynaud1970enveloppe,
  author    = {Raynaud, H},
  title     = {Sur l'enveloppe convexe des nuages de points al{\'e}atoires dans Rn. I},
  journal   = {Journal of Applied Probability},
  year      = {1970},
  volume    = {7},
  number    = {1},
  pages     = {35--48},
  file      = {:literature/raynaud1970.pdf:PDF},
  publisher = {Cambridge University Press},
}

@Book{integration,
  title     = {常用积分表},
  publisher = {中国科学技术大学出版社},
  year      = {2009},
  author    = {《常用积分表》编委会},
}

@Article{renyi1964konvexe,
  author    = {R{\'e}nyi, Alfr{\'e}d and Sulanke, Rolf},
  title     = {{\"U}ber die konvexe H{\"u}lle von n zuf{\"a}llig gew{\"a}hlten Punkten. II},
  journal   = {Zeitschrift f{\"u}r Wahrscheinlichkeitstheorie und verwandte Gebiete},
  year      = {1964},
  volume    = {3},
  number    = {1},
  pages     = {138--147},
  file      = {:literature/Rényi-Sulanke1964_Article_ÜberDieKoNvexeHülleVoNNZufÄlli.pdf:PDF},
  publisher = {Springer},
}

@Article{andrew1976,
  author    = {Andrew P. Soms},
  journal   = {Journal of the American Statistical Association},
  title     = {An Asymptotic Expansion for the Tail Area of the t-Distribution},
  year      = {1976},
  issn      = {01621459},
  number    = {355},
  pages     = {728--730},
  volume    = {71},
  abstract  = {By means of elementary methods, an asymptotic expansion with error bounds is obtained for the t-tail area. It is indicated how this result may be used to approximate small t percentiles. A sufficient condition for the ratio of the t-tail area to the normal tail area to approach unity is also given.},
  file      = {:literature/An_Asymptotic_Expansion_for_the_Tail_Area_of_the_t-Distribution.pdf:PDF},
  publisher = {[American Statistical Association, Taylor & Francis, Ltd.]},
  url       = {http://www.jstor.org/stable/2285610},
}

@Article{barany_1992,
  author    = {Bárány, Imre},
  journal   = {Mathematika},
  title     = {Random polytopes in smooth convex bodies},
  year      = {1992},
  number    = {1},
  pages     = {81–92},
  volume    = {39},
  doi       = {10.1112/S0025579300006872},
  file      = {:literature/random-polytopes-in-smooth-convex-bodies.pdf:PDF},
  publisher = {London Mathematical Society},
}

@Article{dwyer1991convex,
  author    = {Dwyer, Rex A},
  journal   = {Discrete applied mathematics},
  title     = {Convex hulls of samples from spherically symmetric distributions},
  year      = {1991},
  number    = {2},
  pages     = {113--132},
  volume    = {31},
  file      = {:literature/82470080.pdf:PDF},
  publisher = {Elsevier},
}

@Article{eddy1981convex,
  author    = {Eddy, William F and Gale, James D},
  journal   = {Advances in Applied Probability},
  title     = {The convex hull of a spherically symmetric sample},
  year      = {1981},
  number    = {4},
  pages     = {751--763},
  volume    = {13},
  file      = {:literature/1426971.pdf:PDF},
  publisher = {Cambridge University Press},
}

@Article{affentranger1991convex,
  author  = {Affentranger, F},
  journal = {Rend. Sem. Mat. Univ. Politec. Torino},
  title   = {The convex hull of random points with spherically symmetric distributions},
  year    = {1991},
  number  = {3},
  pages   = {359--383},
  volume  = {49},
  file    = {:literature/6881737.pdf:PDF},
}

@book{murray2012asymptotic,
  title={Asymptotic analysis},
  author={Murray, James Dickson},
  volume={48},
  year={2012},
  file      = {:literature/Asymptotic_Analysis.pdf},  
  publisher={Springer Science \& Business Media}
}

@article{carnal1970konvexe,
  title={Die konvexe H{\"u}lle von n rotationssymmetrisch verteilten Punkten},
  author={Carnal, Henri},
  journal={Zeitschrift f{\"u}r Wahrscheinlichkeitstheorie und verwandte Gebiete},
  volume={15},
  number={2},
  pages={168--176},
  year={1970},
  publisher={Springer}
}

@Article{juhnke2018balanced,
  author    = {Juhnke-Kubitzke, Martina and Murai, Satoshi},
  journal   = {Selecta Mathematica},
  title     = {Balanced generalized lower bound inequality for simplicial polytopes},
  year      = {2018},
  number    = {2},
  pages     = {1677--1689},
  volume    = {24},
  file      = {:literature/1503.06430.pdf:PDF},
  publisher = {Springer},
}

@misc{nist,
title={https://dlmf.nist.gov/8.11}
}

@Article{barany1988shape,
  author    = {B{\'a}r{\'a}ny, Imre and F{\"u}redi, Zolt{\'a}n},
  journal   = {Probability theory and related fields},
  title     = {On the shape of the convex hull of random points},
  year      = {1988},
  number    = {2},
  pages     = {231--240},
  volume    = {77},
  file      = {:literature/1988_Article_OnTheShapeOf.pdf:PDF},
  publisher = {Springer},
}

@book{brondsted2012introduction,
  title={An introduction to convex polytopes},
  author={Brondsted, Arne},
  volume={90},
  year={2012},
  publisher={Springer Science \& Business Media}
}

@Article{hueter1999limit,
  author  = {Hueter, Irene},
  journal = {Transactions of the American Mathematical Society},
  title   = {Limit theorems for the convex hull of random points in higher dimensions},
  year    = {1999},
  number  = {11},
  pages   = {4337--4363},
  volume  = {351},
  file    = {:literature/117951.pdf:PDF},
}
@article{Valtr1995,
  author   = {Valtr, P.},
  journal  = {Discrete \& Computational Geometry},
  title    = {Probability thatn random points are in convex position},
  year     = {1995},
  issn     = {1432-0444},
  number   = {3},
  pages    = {637--643},
  volume   = {13},
  doi      = {10.1007/BF02574070},
  refid    = {Valtr1995},
  url      = {https://doi.org/10.1007/BF02574070},
}
@book{cover1999elements,
	title={Elements of information theory},
	author={Cover, Thomas M},
	year={1999},
  chapter        = {11.8},
	publisher={John Wiley \& Sons}
}
@inbook{seidel1997,
author = {Seidel, Raimund},
title = {Convex Hull Computations},
year = {1997},
isbn = {0849385245},
publisher = {CRC Press, Inc.},
address = {USA},
booktitle = {Handbook of Discrete and Computational Geometry},
pages = {361–375},
numpages = {15}
}
@Article{omey1989abelian,
  author    = {Omey, E and Willekens, E},
  journal   = {Journal of multivariate analysis},
  title     = {Abelian and Tauberian theorems for the Laplace transform of functions in several variables},
  year      = {1989},
  number    = {2},
  pages     = {292--306},
  volume    = {30},
  file      = {:literature/82667275.pdf:PDF},
  publisher = {Elsevier},
}

@Article{amelunxen2017intrinsic,
  author    = {Amelunxen, Dennis and Lotz, Martin},
  journal   = {Discrete \& Computational Geometry},
  title     = {Intrinsic volumes of polyhedral cones: a combinatorial perspective},
  year      = {2017},
  number    = {2},
  pages     = {371--409},
  volume    = {58},
  file      = {:literature/Amelunxen-Lotz2017_Article_IntrinsicVolumesOfPolyhedralCo.pdf:PDF},
  publisher = {Springer},
}

@article{aldous1991number,
  title={The number of extreme points in the convex hull of a random sample},
  author={Aldous, David J and Fristedt, Bert and Griffin, Philip S and Pruitt, William E},
  journal={Journal of applied probability},
  volume={28},
  number={2},
  pages={287--304},
  year={1991},
  publisher={Cambridge University Press}
}
@inbook{schneider2008stochastic,
  title={Stochastic and integral geometry},
  author={Schneider, Rolf and Weil, Wolfgang},
  volume={1},
  chapter={8.2},
  year={2008},
  publisher={Springer}
}
@Article{davis1987convex,
  author    = {Davis, R and Mulrow, E and Resnick, S},
  journal   = {Stochastic Models},
  title     = {The convex hull of a random sample in $\mathbb{R}^2$},
  year      = {1987},
  number    = {1},
  pages     = {1--27},
  volume    = {3},
  file      = {:literature/davis1987.pdf:PDF},
  publisher = {Taylor \& Francis},
}

@Comment{jabref-meta: databaseType:bibtex;}
